<record><leader>00000cas a22000007a 4500</leader><controlfield tag="001">10906740</controlfield><controlfield tag="008">840702d192u1961nyuwr ne      0    0eng d</controlfield><datafield ind1=" " ind2=" " tag="010"><subfield code="a">sn 84031195 </subfield></datafield><datafield ind1=" " ind2=" " tag="040"><subfield code="a">NYG</subfield><subfield code="b">eng</subfield><subfield code="c">NYG</subfield><subfield code="d">NYS</subfield><subfield code="d">OCLCQ</subfield></datafield><datafield ind1=" " ind2=" " tag="042"><subfield code="a">msc</subfield></datafield><datafield ind1="0" ind2="0" tag="245"><subfield code="a">Northport observer.</subfield></datafield><datafield ind1="1" ind2="3" tag="246"><subfield code="a">East Northport observer</subfield></datafield><datafield ind1="1" ind2="3" tag="246"><subfield code="a">East Northport news</subfield></datafield><datafield ind1="1" ind2="3" tag="246"><subfield code="a">Huntington today</subfield></datafield><datafield ind1=" " ind2=" " tag="260"><subfield code="a">Northport, N.Y. :</subfield><subfield code="b">J.T. Ruland</subfield></datafield><datafield ind1=" " ind2=" " tag="300"><subfield code="a">v. :</subfield><subfield code="b">ill.</subfield></datafield><datafield ind1=" " ind2=" " tag="310"><subfield code="a">Weekly</subfield></datafield><datafield ind1="0" ind2=" " tag="362"><subfield code="a">-v. 38, no. 40 (Dec. 7, 1961).</subfield></datafield><datafield ind1=" " ind2=" " tag="500"><subfield code="a">Includes a section called: East Northport news, Nov. 23-Dec. 7, 1961.</subfield></datafield><datafield ind1=" " ind2=" " tag="500"><subfield code="a">Includes a section called: Huntington today, Nov. 23-Dec. 7, 1961.</subfield></datafield><datafield ind1=" " ind2=" " tag="500"><subfield code="a">"Official newspaper, Village of Northport."</subfield></datafield><datafield ind1=" " ind2=" " tag="500"><subfield code="a">"Huntington township's independent, progressive newspaper."</subfield></datafield><datafield ind1=" " ind2=" " tag="588"><subfield code="a">Description based on: Vol. 5, no. 45 (Jan. 4, 1929).</subfield></datafield><datafield ind1=" " ind2="4" tag="651"><subfield code="a">Northport (N.Y.)</subfield><subfield code="v">Newspapers.</subfield></datafield><datafield ind1=" " ind2="4" tag="651"><subfield code="a">East Northport (N.Y.)</subfield><subfield code="v">Newspapers.</subfield></datafield><datafield ind1=" " ind2="4" tag="651"><subfield code="a">Huntington (N.Y. : Town)</subfield><subfield code="v">Newspapers.</subfield></datafield><datafield ind1=" " ind2="4" tag="651"><subfield code="a">Suffolk County (N.Y.)</subfield><subfield code="v">Newspapers.</subfield></datafield><datafield ind1=" " ind2=" " tag="752"><subfield code="a">United States</subfield><subfield code="b">New York</subfield><subfield code="c">Suffolk</subfield><subfield code="d">Northport.</subfield></datafield><datafield ind1="0" ind2="0" tag="785"><subfield code="t">Huntington today, Northport observer</subfield><subfield code="w">(DLC)sn 84031200</subfield></datafield><datafield ind1="1" ind2=" " tag="029"><subfield code="a">AU@</subfield><subfield code="b">000020569184</subfield></datafield></record>